@inproceedings{AlAgha2010,
	author = {AlAgha, Iyad and Hatch, Andrew and Ma, Linxiao and Burd, Elizabeth},
	booktitle = {{Proceedings of the ACM International Conference on Interactive Tabletops and Surfaces (ITS'10)}},
	doi = {10.1145/1936652.1936688},
	isbn = {9781450303996},
	month = nov,
	pages = {187},
	publisher = {ACM Press},
	title = {{Towards a teacher-centric approach for multi-touch surfaces in classrooms}},
	year = {2010}
}

@inproceedings{Al-Imam2006,
	author = {Al-Imam, Emory and Lank, Edward},
	booktitle = {{Extended Abstracts on Human Factors in Computing Systems (CHI'06)}},
	doi = {10.1145/1125451.1125553},
	isbn = {1-59593-298-4},
	month = apr,
	pages = {460},
	publisher = {ACM Press},
	title = {{Biasing response in Fitts' Law tasks}},
	year = {2006}
}

@inproceedings{Burd2009,
	address = {Amsterdam},
	author = {Burd, Elizabeth and Elliott, Joe and Hatch, Andrew and Higgins, Steve and Kyaw, Phyo and Smith, Shamus},
	booktitle = {3th Biennial Conference of the European Association of Research into Learning and Instruction},
	title = {{Multi-touch desks for learning: developing pedagogy through technology}},
	year = {2009}
}

@article{Davidsen2016,
	title={'You should collaborate, children': a study of teachersâ€™ design and facilitation of children's collaboration around touchscreens},
	author={Davidsen, Jacob and Vanderlinde, Ruben},
	journal={Technology, Pedagogy and Education},
	 volume={25},
	number={5},
	pages={573--593},
	year={2016},
	publisher={Taylor \& Francis}
}

@inproceedings{Dietz2001,
	author = {P. Dietz and D. Leigh},
	title = {{DiamondTouch: a multi-user touch technology}},
	booktitle = {{Proceedings of the 14th Annual ACM Symposium on User Interface Software and Technology (UIST'01)}},
	year = {2001},
	isbn = {1-58113-438-X},
	pages = {219--226},
	doi = {\url{http://doi.acm.org/10.1145/502348.502389}},
 	publisher = {ACM},
	address = {New York, NY, USA},
 }

@inproceedings{Dietz2004,
	author = {Dietz, Paul and Raskar, Ramesh and Booth, Shane and van Baar, Jeroen and Wittenburg, Kent and Knep, Brian},
	booktitle = {{Proceedings of the Working Conference on Advanced Visual Interfaces (AVI'04)}},
	doi = {10.1145/989863.989898},
	isbn = {1581138679},
	month = may,
	pages = {209},
	publisher = {ACM Press},
	title = {{Multi-projectors and implicit interaction in persuasive public displays}},
	year = {2004}
}

@ARTICLE{Jacob1993,
    author = {Jacob, Robert J. K. and Leggett, John J. and Myers, Brad A. and Pausch, Randy},
    title = {An Agenda for Human-Computer Interaction Research: Interaction Styles and Input/Output Devices},
    journal = {Behaviour and Information Technology},
    year = {1993},
    volume = {12},
    pages = {69--79}
}

@article{Jones2011,
	author = {Jones, Matt},
	doi = {10.1145/1897239.1897247},
	issn = {10725520},
	journal = {interactions},
	month = jan,
	number = {1},
	pages = {26},
	title = {{Journeying toward extravagant, expressive, place-based computing}},
	volume = {18},
	year = {2011}
}

@article{Hwang2012,
	title={{GPS localization improvement of smartphones using built-in sensors}},
	author={Hwang, Soyoung and Yu, Donghui},
	journal={{International Journal of Smart Home}},
	volume={6},
	number={3},
	pages={1--8},
	year={2012}
}

@inproceedings{Ji2016,
	title={Personalizing Interaction Focused on a User's Interactive Experience and Potential},
	author={Ji, Yi},
	booktitle={International Conference on Universal Access in Human-Computer Interaction},
	pages={70--80},
	year={2016},
	organization={Springer}
}

@article{Khuong2017,
	author = {Khuong An Nguyen},
	title = {A performance guaranteed indoor positioning system using conformal prediction and the WiFi signal strength},
	journal = {Journal of Information and Telecommunication},
	volume = {1},
	number = {1},
	pages = {41-65},
	year = {2017}
}

@inproceedings{Kortuem2005,
	author = {Kortuem, Gerd and Kray, Christian and Gellersen, Hans},
	booktitle = {{Proceedings of the 18th Annual ACM Symposium on User Interface Software and Technology (UIST'05)}},
	doi = {10.1145/1095034.1095049},
	isbn = {1595932712},
	month = oct,
	pages = {93},
	publisher = {ACM Press},
	title = {{Sensing and visualizing spatial relations of mobile devices}},
	year = {2005}
}

@inproceedings{Sagitov2017,
	title={Comparing fiducial marker systems in the presence of occlusion},
	author={Sagitov, Artur and Shabalina, Ksenia and Lavrenov, Roman and Magid, Evgeni},
	booktitle={Mechanical, System and Control Engineering (ICMSC), 2017 International Conference on},
	pages={377--382},
	year={2017},
	organization={IEEE}
}

@article{Smith2013,
	title={Automatic sub-pixel projector calibration},
	author={Smith, Ross T and Webber, Guy and Sugimoto, Maki and Marner, Michael and Thomas, Bruce H},
	journal={ITE Transactions on Media Technology and Applications},
	volume={1},
	number={3},
	pages={204--213},
	year={2013},
	publisher={The Institute of Image Information and Television Engineers}
}

@article{Ma2017,
	title={The optimization for hyperbolic positioning of UHF passive RFID tags},
	author={Ma, Haishu and Wang, Yi and Wang, Kesheng and Ma, Zongzheng},
	journal={IEEE Transactions on Automation Science and Engineering},
	year={2017},
	publisher={IEEE}
}

@article{McNaughton2017,
	author = {McNaughton, James and Crick, Tom and Joyce-Gibbons, Andrew and Beauchamp, Gary and Young, Nick and Tan, Elaine},
	title = {Facilitating collaborative learning between two primary schools using large multi-touch devices},
	journal = {Journal of Computers in Education},
	year = {2017},
	issn = {2197-9995},
	doi = {10.1007/s40692-017-0081-x},
	pages={1--14},
       publisher = {Springer}
}

@article{Nacenta2009,
	author = {Nacenta, Miguel and Gutwin, Carl and Aliakseyeu, Dzmitry and Subramanian, Sriram},
	doi = {10.1080/07370020902819882},
	issn = {0737-0024},
	journal = {Human-Computer Interaction},
	month = jan,
	number = {1},
	pages = {170--229},
	publisher = {Taylor \& Francis},
	title = {{There and Back Again: Cross-Display Object Movement in Multi-Display Environments}},
	volume = {24},
	year = {2009}
}

@inproceedings{Piper2009,
	author = {Piper, Anne Marie and Hollan, James D.},
	booktitle = {{Proceedings of the 27th Conference on Human Factors in Computing Systems (CHI'09)}},
	doi = {10.1145/1518701.1518885},
	isbn = {9781605582467},
	month = apr,
	pages = {1227},
	publisher = {ACM Press},
	title = {{Tabletop displays for small group study}},
	year = {2009}
}

@inproceedings{Reetz2006,
	author = {Reetz, Adrian and Gutwin, Carl and Stach, Tadeusz and Nacenta, Miguel and Subramanian, Sriram},
	booktitle = {{Proceedings of Graphics Interface 2006 (GI'06)}},
	isbn = {1-56881-308-2},
	month = jun,
	pages = {163--170},
	title = {{Superflick: a natural and efficient technique for long-distance object placement on digital tables}},
	year = {2006}
}

@inproceedings{Rick2009,
	author = {Rick, Jochen and Harris, Amanda and Marshall, Paul and Fleck, Rowanne and Yuill, Nicola and Rogers, Yvonne},
	booktitle = {{Proceedings of the 8th International Conference on Interaction Design and Children (IDC'09)}},
	doi = {10.1145/1551788.1551807},
	isbn = {9781605583952},
	month = jun,
	pages = {106},
	publisher = {ACM Press},
	title = {{Children designing together on a multi-touch tabletop}},
	year = {2009}
}

@article{Ryall2006a,
	author = {Ryall, K. and Forlines, C. and Esenther, A. and Vernier, F.D. and Everitt, K. and Wu, M. and Wigdor, D. and Morris, M.R. and Hancock, M. and Tse, E.},
	doi = {10.1109/MCG.2006.109},
	issn = {0272-1716},
	journal = {IEEE Computer Graphics and Applications},
	month = sep,
	number = {5},
	pages = {36--46},
	title = {{Informing the Design of Direct-Touch Tabletops}},
	volume = {26},
	year = {2006}
}

@book{Stephanidis2001,
	author = {Stephanidis, Constantine},
	isbn = {0805836098},
	pages = {1133},
	publisher = {Routledge},
	title = {{Universal access in HCI: towards an information society for all}},
	year = {2001}
}

@article{Tiburcio2005,
	author = {Tib\'{u}rcio, T\'{u}lio and Finch, Edward F.},
	doi = {10.1108/02632770510588664},
	issn = {0263-2772},
	journal = {Facilities},
	month = jan,
	number = {5/6},
	pages = {262--278},
	title = {{The impact of an intelligent classroom on pupils' interactive behaviour}},
	volume = {23},
	year = {2005}
}

@inproceedings{Wallace2008a,
	author = {Wallace, James R. and Scott, Stacey D.},
	booktitle = {2008 3rd IEEE International Workshop on Horizontal Interactive Human Computer Systems},
	doi = {10.1109/TABLETOP.2008.4660184},
	isbn = {978-1-4244-2897-7},
	month = oct,
	pages = {57--64},
	publisher = {IEEE},
	title = {{Contextual design considerations for co-located, collaborative tables}},
	year = {2008}
}

@article{Wallace2009,
	author = {Wallace, James R. and Scott, Stacey D. and Stutz, Taryn and Enns, Tricia and Inkpen, Kori},
	doi = {10.1007/s00779-009-0241-8},
	issn = {1617-4909},
	journal = {Personal and Ubiquitous Computing},
	month = jun,
	number = {8},
	pages = {569--581},
	publisher = {Springer London},
	title = {{Investigating teamwork and taskwork in single- and multi-display groupware systems}},
	volume = {13},
	year = {2009}
}

@inproceedings{Weiss2009,
	author = {Weiss, Malte and Wagner, Julie and Jansen, Yvonne and Jennings, Roger and Khoshabeh, Ramsin and Hollan, James D. and Borchers, Jan},
	booktitle = {{Proceedings of the 27th International Conference on Human Factors in Computing Systems (CHI'09)}},
	doi = {10.1145/1518701.1518779},
	isbn = {9781605582467},
	month = apr,
	pages = {481},
	publisher = {ACM Press},
	title = {{SLAP widgets}},
	year = {2009}
}
